<record><leader>00000cas a22000007a 4500</leader><controlfield tag="001">14993605</controlfield><controlfield tag="008">861219d19661977inuwr ne      0    0eng d</controlfield><datafield ind1=" " ind2=" " tag="010"><subfield code="a">sn 86059116 </subfield></datafield><datafield ind1=" " ind2=" " tag="040"><subfield code="a">NPI</subfield><subfield code="b">eng</subfield><subfield code="c">NPI</subfield><subfield code="d">OCLCQ</subfield><subfield code="d">IUL</subfield><subfield code="d">OCLCF</subfield></datafield><datafield ind1=" " ind2=" " tag="042"><subfield code="a">msc</subfield></datafield><datafield ind1=" " ind2=" " tag="043"><subfield code="a">n-us-in</subfield></datafield><datafield ind1="0" ind2="4" tag="245"><subfield code="a">The Pioneer and gazette.</subfield></datafield><datafield ind1=" " ind2=" " tag="260"><subfield code="a">Williamsport, Ind. :</subfield><subfield code="b">Fountain-Warren Publishers,</subfield><subfield code="c">1966-1977.</subfield></datafield><datafield ind1=" " ind2=" " tag="300"><subfield code="a">volumes</subfield></datafield><datafield ind1=" " ind2=" " tag="310"><subfield code="a">Weekly</subfield></datafield><datafield ind1="0" ind2=" " tag="362"><subfield code="a">Vol. 1 (Jan. 12, 1966)-v.60, no. 39 (Sept. 28, 1977).</subfield></datafield><datafield ind1=" " ind2=" " tag="515"><subfield code="a">Numbering is irregular.</subfield></datafield><datafield ind1=" " ind2="0" tag="651"><subfield code="a">Williamsport (Ind.)</subfield><subfield code="v">Newspapers.</subfield></datafield><datafield ind1=" " ind2="0" tag="651"><subfield code="a">Warren County (Ind.)</subfield><subfield code="v">Newspapers.</subfield></datafield><datafield ind1=" " ind2="7" tag="651"><subfield code="a">Indiana</subfield><subfield code="z">Warren County.</subfield><subfield code="2">fast</subfield><subfield code="0">(OCoLC)fst01218747</subfield></datafield><datafield ind1=" " ind2="7" tag="651"><subfield code="a">Indiana</subfield><subfield code="z">Williamsport.</subfield><subfield code="2">fast</subfield><subfield code="0">(OCoLC)fst01257139</subfield></datafield><datafield ind1=" " ind2="7" tag="655"><subfield code="a">Newspapers.</subfield><subfield code="2">fast</subfield><subfield code="0">(OCoLC)fst01423814</subfield></datafield><datafield ind1=" " ind2=" " tag="752"><subfield code="a">United States</subfield><subfield code="b">Indiana</subfield><subfield code="c">Warren</subfield><subfield code="d">Williamsport.</subfield></datafield><datafield ind1="0" ind2="4" tag="780"><subfield code="t">West Lebanon gazette</subfield><subfield code="w">(DLC)sn 86059241</subfield><subfield code="w">(OCoLC)14993572</subfield></datafield><datafield ind1="0" ind2="4" tag="780"><subfield code="t">Williamsport pioneer (Williamsport, Ind. : 1964)</subfield><subfield code="w">(DLC)sn 86059132</subfield><subfield code="w">(OCoLC)14986313</subfield></datafield></record>